@misc{MANUAL,
    author = "{freescale}",
    title  = "{\it K60 Sub-Family Reference Manual}",
    note   = {Document Number: K60P144M100SF2V2RM, Rev. 2 Jun 2012},
}

@misc{SCHEME,
    author = "{Fakulta informačních technologií - Vysokého učení technického v Brně}",
    title  = "{\it Schéma obvodového zapojení výukového kitu Minerva}"
}
@misc{tutorial,
    title = "{FreeRTOS with the Kinetis SDK and Processor Expert}",
    url= "{https://mcuoneclipse.com/2014/11/08/tutorial-freertos-with-the-kinetis-sdk-and-processor-expert/}"
}
@misc{FreeRTOS,
    title ="{FreeRTOS™ Real-time operating system for microcontrollers}",
    url = "{https://www.freertos.org/index.html}"
}

